<?xml version="1.0" encoding="UTF-8"?><collection xmlns="http://www.loc.gov/MARC21/slim"><record><leader>00392nam--2200145-i-4500</leader><controlfield tag="001">000038359</controlfield><controlfield tag="002">20161230</controlfield><controlfield tag="005">20170129002610</controlfield><controlfield tag="008">060222s1000------------r-----000-0-eng-d</controlfield><datafield ind1=" " ind2=" " tag="100"><subfield code="a">Recknagel-Sprenger</subfield></datafield><datafield ind1=" " ind2=" " tag="245"><subfield code="a">Taschenbuch fur heizung, luftung und klimatechnik</subfield></datafield><datafield ind1=" " ind2=" " tag="260"><subfield code="a">Munchen</subfield><subfield code="b">R.Oldenbourg</subfield><subfield code="c">1959</subfield></datafield><datafield ind1=" " ind2=" " tag="300"><subfield code="a">XXIII + 883 p.+ 170 p</subfield></datafield><datafield ind1=" " ind2=" " tag="852"><subfield code="a">13618</subfield></datafield><datafield ind1=" " ind2=" " tag="CAT"><subfield code="a">SYS</subfield><subfield code="c">20170129</subfield><subfield code="h">002610</subfield></datafield></record></collection>